% This file was created with JabRef 2.10.
% Encoding: ISO8859_1


@Online{funk2006netflix,
  Title                    = {{N}etflix {U}pdate: {T}ry this at {H}ome},
  Author                   = {Funk, Simon},
  Url                      = {http://sifter.org/\%7Esimon/journal/20061211.html},
  Year                     = {2006},
  Month                    = dec,
  Urldate                  = {2015-06-16}
}

@Inproceedings{hofmann2003collaborative,
  Title                    = {{C}ollaborative {F}iltering via {Gauss}ian {P}robabilistic {L}atent {S}emantic {A}nalysis},
  Author                   = {Hofmann, Thomas},
  Booktitle                = {Proceedings of the 26\textsuperscript{th} Annual International ACM SIGIR Conference on Research and Development in Informaion Retrieval},
  Year                     = {2003},
  Doi                      = {10.1145/860435.860483},
  ISBN                     = {1-58113-646-3},
  Location                 = {Toronto, Canada},
  Pages                    = {259--266},
  Publisher                = {ACM},
  Series                   = {SIGIR '03},

  Acmid                    = {860483},
  Address                  = {New York, NY, USA},
  Keywords                 = {collaborative filtering, data mining, machine learning, recommender systems},
  Numpages                 = {8}
}

@Article{koren2010factor,
  Title                    = {{F}actor in the {N}eighbors: {S}calable and {A}ccurate {C}ollaborative {F}iltering},
  Author                   = {Koren, Yehuda},
  Year                     = {2010},
  Doi                      = {10.1145/1644873.1644874},
  ISSN                     = {1556-4681},
  Month                    = jan,
  Number                   = {1},
  Pages                    = {1--24},
  Volume                   = {4},

  Acmid                    = {1644874},
  Address                  = {New York, NY, USA},
  Articleno                = {1},
  Issue_date               = {January 2010},
  Journal                  = {ACM Trans. Knowl. Discov. Data},
  Keywords                 = {Netflix Prize, Recommender systems, collaborative filtering},
  Numpages                 = {24},
  Publisher                = {ACM}
}

@Article{koren2009bellkor,
  Title                    = {{T}he bellkor solution to the netflix grand prize},
  Author                   = {Koren, Yehuda},
  Year                     = {2009},
  Volume                   = {81},

  Journal                  = {Netflix prize documentation}
}

@Inproceedings{koren2008factorization,
  Title                    = {{F}actorization {M}eets the {N}eighborhood: {A} {M}ultifaceted {C}ollaborative {F}iltering {M}odel},
  Author                   = {Koren, Yehuda},
  Booktitle                = {Proceedings of the 14\textsuperscript{th} ACM SIGKDD International Conference on Knowledge Discovery and Data Mining},
  Year                     = {2008},
  Doi                      = {10.1145/1401890.1401944},
  ISBN                     = {978-1-60558-193-4},
  Location                 = {Las Vegas, Nevada, USA},
  Pages                    = {426--434},
  Publisher                = {ACM},
  Series                   = {KDD '08},

  Acmid                    = {1401944},
  Address                  = {New York, NY, USA},
  Keywords                 = {collaborative filtering, recommender systems},
  Numpages                 = {9}
}

@Incollection{koren2011advances,
  Title                    = {{A}dvances in {C}ollaborative {F}iltering},
  Author                   = {Koren, Yehuda and Bell, Robert},
  Booktitle                = {Recommender Systems Handbook},
  Editor                   = {Ricci, Francesco and Rokach, Lior and Shapira, Bracha and Kantor, Paul B.},
  Year                     = {2011},
  Doi                      = {10.1007/978-0-387-85820-3_5},
  ISBN                     = {978-0-387-85819-7},
  Language                 = {English},
  Pages                    = {145--186},
  Publisher                = {Springer US}
}

@Article{koren2009matrix,
  Title                    = {{M}atrix {F}actorization {T}echniques for {R}ecommender {S}ystems},
  Author                   = {Koren, Yehuda and Bell, Robert and Volinsky, Chris},
  Year                     = {2009},
  Doi                      = {10.1109/MC.2009.263},
  ISSN                     = {0018-9162},
  Month                    = aug,
  Number                   = {8},
  Pages                    = {30--37},
  Volume                   = {42},

  Acmid                    = {1608614},
  Address                  = {Los Alamitos, CA, USA},
  Issue_date               = {August 2009},
  Journal                  = {Computer},
  Keywords                 = {Computational intelligence, Computational intelligence, Netflix Prize, Matrix factorization, Matrix factorization, Netflix Prize},
  Numpages                 = {8},
  Publisher                = {IEEE Computer Society Press}
}

@Online{lab2015collaborative,
  Title                    = {{C}ollaborative {F}iltering},
  Author                   = {Computational~Intelligence~Lab},
  Url                      = {http://cil.inf.ethz.ch/applications/collaborative_filtering},
  Year                     = {2015},
  Urldate                  = {2015-06-16}
}

@Inproceedings{paterek2007improving,
  Title                    = {{I}mproving regularized singular value decomposition for collaborative filtering},
  Author                   = {Paterek, Arkadiusz},
  Booktitle                = {Proceedings of KDD Cup Workshop at SIGKDD'07},
  Year                     = {2007},
  Location                 = {San Jose, CA, USA},
  Pages                    = {39--42}
}

@Incollection{raiko2007principal,
  Title                    = {{P}rincipal {C}omponent {A}nalysis for {L}arge {S}cale {P}roblems with {L}ots of {M}issing {V}alues},
  Author                   = {Raiko, Tapani and Ilin, Alexander and Karhunen, Juha},
  Booktitle                = {Machine Learning: ECML 2007},
  Editor                   = {Kok, JoostN. and Koronacki, Jacek and Mantaras, RaomonLopezde and Matwin, Stan and Mladenic, Dunja and Skowron, Andrzej},
  Year                     = {2007},
  Doi                      = {10.1007/978-3-540-74958-5_69},
  ISBN                     = {978-3-540-74957-8},
  Language                 = {English},
  Pages                    = {691-698},
  Publisher                = {Springer Berlin Heidelberg},
  Series                   = {Lecture Notes in Computer Science},
  Url                      = {http://dx.doi.org/10.1007/978-3-540-74958-5_69},
  Volume                   = {4701}
}

@Inproceedings{takacs2008unified,
  Title                    = {{A} unified approach of factor models and neighbor based methods for large recommender systems},
  Author                   = {Gabor Takacs and Istvan Pilaszy and Bottyan Nemeth and Domonkos Tikk},
  Booktitle                = {2008 First International Conference on the Applications of Digital Information and Web Technologies ({ICADIWT})},
  Year                     = {2008},
  Doi                      = {10.1109/icadiwt.2008.4664342},
  Month                    = aug,
  Publisher                = {{IEEE}}
}

